@online{msdn,
	Author = {Dr. Charles Kreitzberg and Ambrose Little},
	Date-Added = {2014-10-22 22:25:54 +0000},
	Date-Modified = {2014-10-22 22:27:56 +0000},
	Keywords = {MSDN},
	Lastchecked = {23 October 2014},
	Month = {March},
	Read = {0},
	Title = {Strategies For Designing Application Navigation},
	note = {viewed on 23 October 2014},
	Url = {http://msdn.microsoft.com/en-us/magazine/dd458810.aspx#id0080009},
	Year = {2009}
}

@online{android,
	Author = {Google},
	Title = {},
	note = {viewed on 23 October 2014},
	Url = {http://developer.android.com/design/patterns/navigation.html},
}

@online{phandroid,
	Author = {Rob Jackson},
	Title = {10 Tips for Android UI Design},
	Month = {May},
	note = {viewed on 23 October 2014},
	Url = {http://phandroid.com/2011/05/11/10-tips-for-android-ui-design/},
	Year = {2011}
}
